@article{credcorpus,
  title = {A Corpus of Sentence-level Annotations of Local Acceptability with Reasons},
  author = {Wonsuk Yang and Jung-Ho Kim and Seungwon Yoon and ChaeHun Park and Jong C. Park},
  journal = {33nd Pacific Asia Conference on Language, Information and Computation (PACLIC 33), Future University Hakodate, Japan},
  year = {September 13-15, 2019}
}

@inproceedings{snli:emnlp2015,
  Author = {Bowman and Samuel R. and Angeli and Gabor and Potts and Christopher and Manning and Christopher D.},
  Booktitle = {Proceedings of the 2015 Conference on Empirical Methods in Natural Language Processing (EMNLP)},
  Publisher = {Association for Computational Linguistics},
  Title = {A large annotated corpus for learning natural language inference},
  Year = {2015}
}

@inproceedings{multinli,
  author = "Williams, Adina
  and Nangia, Nikita
  and Bowman, Samuel",
  title = "A Broad-Coverage Challenge Corpus for
  Sentence Understanding through Inference",
  booktitle = "Proceedings of the 2018 Conference of
  the North American Chapter of the
  Association for Computational Linguistics:
  Human Language Technologies, Volume 1 (Long
  Papers)",
  year = "2018",
  publisher = "Association for Computational Linguistics",
  pages = "1112--1122",
  location = "New Orleans, Louisiana",
  url = "http://aclweb.org/anthology/N18-1101"
}