@inproceedings{park2014konlpy,
  title={KoNLPy: Korean natural language processing in Python},
  author={Park, Eunjeong L. and Cho, Sungzoon},
  booktitle={Proceedings of the 26th Annual Conference on Human \& Cognitive Language Technology},
  address={Chuncheon, Korea},
  month={October},
  year={2014}
}

@online{nercorpus,
  title={NLP Challenge: Korean Named-entity Recognition},
  year={2018},
  note={\url{http://air.changwon.ac.kr/?page_id=10}},
  urldate={2019-09-10}
}

@online{bigkinds,
  title={BIG KINDS},
  year={2017},
  note={\url{https://www.kinds.or.kr}},
  urldate={2019-09-10}
}

@inproceedings{textmining,
  title={Text mining},
  author={I. Witten},
  booktitle={Practical handbook of Internet computing CRC Press, Boca Raton},
  year={2004}
}

@article{scikit-learn,
 title={Scikit-learn: Machine Learning in {P}ython},
 author={Pedregosa, F. and Varoquaux, G. and Gramfort, A. and Michel, V.
         and Thirion, B. and Grisel, O. and Blondel, M. and Prettenhofer, P.
         and Weiss, R. and Dubourg, V. and Vanderplas, J. and Passos, A. and
         Cournapeau, D. and Brucher, M. and Perrot, M. and Duchesnay, E.},
 journal={Journal of Machine Learning Research},
 volume={12},
 pages={2825--2830},
 year={2011}
}

@article{Mohammad13,
	Author = {Mohammad, Saif M. and Turney, Peter D.},
	Booktitle = {Computational Intelligence},
	Number = {3},
	Pages = {436--465},
	Title = {Crowdsourcing a Word-Emotion Association Lexicon},
	Volume = {29},
	Year = {2013}
}

@article{li2019knowledge,
  title={Knowledge-oriented convolutional neural network for causal relation extraction from natural language texts},
  author={Li, Pengfei and Mao, Kezhi},
  journal={Expert Systems with Applications},
  volume={115},
  pages={512--523},
  year={2019},
  publisher={Elsevier}
}